@article{guidepql,
         author="MANDELKERN S.",
         title="Guide pour l'écriture d'un plan qualité logiciel",
         journal="Eureka HP-77-02-021-A"
}

@article{capelemnum,
         author="ISSA Reza",
         title="Capitalisation des éléments numériques",
         journal="Veol"
}

@article{rev1,
         author="FRAISSE Bernard",
         title="Guide d'application de la révision 1 de la decision commune",
         journal="Veol"
}

@article{projmanag,
         author="GUISNEL Francoise",
         title="Les actions de management de projet applicables à EDF R\&D et leur modulation",
         journal="Eureka H-D03-2011-01748-FR"
}

@article{Ocs,
         author="CHAULIAC Christian, MONDON Christian",
         title="Guide d’application de la révision 1 de la décision commune 2005-03",
         journal="SPETEN Reference D305913000993 "
}
