@Book{Author2014,
	author		= {A.N. Author},
	year		= 1986,
	title		= {Book title},
	publisher	= {Publisher},
	address		= {Paris}
}

@Article{Author2013,
	author		= {F. Author and S. Author and T. Author},
	year		= 2013,
	title		= {{Article title}},
	journal		= {International Journal},
	volume		= 1,
	pages		= {1--10}
}

@Inproceedings{ConfAuthor2012,
	author		= {A. Confauthor and A.N. Otherauthor},
	year		= 2012,
	title		= {{Article title}},
	booktitle	= {Proceedings of a Conference},
	publisher	= {Publisher},
	address		= {Paris}
}

@Phdthesis{Thesis2011,
	author		= {P.H.D. Student},
	year		= 2011,
	title		= {{PhD Title}},
	school		= {Université Paris-Est},
	address		= {Marne-la-Vall\'ee, Franc}
}



@Book{Viollet,
   author     = {P.-L. Viollet and J.-P. Chabard and P. Esposito and D. Laurence},
   year       = 2002,
   title      = {Mécanique des fluides appliquée},
   publisher  = {Presses de l'Ecole Nationale des Ponts et Chaussées},
   address    = {Paris}
}

@Book{Pope,
   author     = {S. Pope},
   year       = 2000,
   title      = {Turbulent Flows},
   publisher  = {Cambridge University Press},
   address    = {Cambridge}
}

@Article{Jones_Launder_1972,
   author     = {W. P. Jones and B. E. Launder},
   year       =	1972,
   title      = {{The prediction of laminarization with a two-equation model of turbulence}},
   journal    = {International Journal of Heat and Mass Transfer},
   volume     = 15,
   pages      = {301--314}
}

@Article{Launder_1974,
   author     = {B. E. Launder and B. I. Sharma},
   year       =	1974,
   title      = {{Application of the energy-dissipation model of turbulence to the calculation of flow near a spinnig disc}},
   journal    = {Letters in Heat and Mass Transfer},
   volume     = 1,
   pages      = {131--137}
}

@Book{Gardiner,
   author     = {C.W. Gardiner},
   year       = 2004,
   title      =	{{Handbook of Stochastic Methods}},
   publisher  = {Springer--Verlag},
   address    = {Berlin}
}

@Article{Minier,
   author     = {J.-P. Minier and E. Peirano},
   year       =	2001,
   title      = {{The pdf approach to turbulent polydispersed two-phase flows}},
   journal    = {Physics Reports},
   volume     = 352,
   pages      = {1--214}
}

@Article{Pope2004,
   author     = {S. Pope},
   year       =	2004,
   title      = {{Lagrangian PDF methods for turbulent flows}},
   journal    = {Annual Review of Fluid Mechanics},
   volume     = 26,
   pages      = {23--63}
}

@Article{De_Silva,
   author     = {I. P. D. {De Silva} and H. J. S. Fernando},
   year       =	1994,
   title      = {{Oscillating grids as a source of nearly isotropic turbulence}},
   journal    = {Physics of Fluids},
   volume     = 6,
   number     = 7,
   pages      = {2455--2464}
}

@Article{Cheng,
   author     = {N.-S. Cheng and A. W.-K. Law},
   year       =	2001,
   title      = {{Measurements of turbulence generated by oscillating grid}},
   journal    = {Journal of Hydraulic Engineering},
   volume     = 127,
   number     = 3,
   pages      = {201--208}
}

@Article{Al-Homoud,
   author     = {A. Al-Homoud and M. Hondzo},
   year       =	2007,
   title      = {{Energy dissipation estimates in oscillating grid setup: LDV and PIV measurements}},
   journal    = {Environmental Fluid Mechanics},
   volume     = 7,
   pages      = {143--158}
}

@Article{Holzner,
   author     = {M. Holzner and A. Liberzon and M. Guala and A. Tsinober and W. Kinzelbach},
   year       =	2006,
   title      = {{Generalized detection of a turbulent front generated by an oscillating grid}},
   journal    = {Experiments in Fluids},
   volume     = 41,
   pages      = {711--719}
}

@Article{Yan,
   author     = {J. Yan and N.-S. Cheng and H.-W. Tang and S. K. Tan},
   year       =	2007,
   title      = {{Oscillating-grid turbulence and its applications: a review}},
   journal    = {Journal of Hydraulic Research},
   volume     = 45,
   number     = 1,
   pages      = {26--32}
}

@Article{Doron,
   author     = {P. Doron and L. Bertuccioli and J. Katz},
   year       =	2001,
   title      = {{Turbulence characteristics and dissipation estimates in coastal ocean bottom boundary layer from PIV data}},
   journal    = {Journal of Physical Oceanography},
   volume     = 31,
   pages      = {2108--2134}
}

@Article{Gaylord,
   author     = {B. Gaylord and C. A. Blanchette and M. W. Denny},
   year       =	1994,
   title      = {{Mechanical consequences of size in wave-swept algae}},
   journal    = {Ecological monographs},
   volume     = 64,
   number     = 3,
   pages      = {287--313}
}

@Article{Almedeij,
   author     = {J. Almedeij},
   year       =	2008,
   title      = {{Drag coefficient of flow around a sphere: Matching asymptotically the wide trend}},
   journal    = {Powder Technology},
   volume     = 186,
   pages      = {218--223}
}

@Article{Pope1994,
   author     = {S. Pope},
   year       =	1994,
   title      = {{On the relationship between stochastic Lagrangian models of turbulence and second-moment closures}},
   journal    = {Physics of FLuids},
   volume     = 6,
   number     = 2,
   pages      = {973--985}
}

@Book{Hervouet,
   author     = {J.-M. Hervouet},
   year       = 2007,
   title      = {Hydrodynamics of free surface flows},
   publisher  = {Wyley},
   address    = {Chichester}
}

@Book{Falkovich,
   author     = {G. Falkovich},
   year       = 2011,
   title      = {Fluid Mechanics (A short course for physicists)},
   publisher  = {Cambridge University Press},
   address    = {Cambridge}
}

@Book{Landau,
   author     = {L. Landau and E. Lifchitz},
   year       = 1987,
   title      = {{A Course in Theoretical Physics: Fluid Mechanics}},
   publisher  = {Pergamon Press Ltd},
   address    = {Oxford}
}

@Article{Corrsin,
   author     = {S. Corrsin and J. Lumley},
   year       =	1956,
   title      = {{On the equation of motion for a particle in turbulent fluid}},
   journal    = {Applied Scientific Research},
   volume     = 6,
   number     = {2-3},
   pages      = {114-116}
}

@Article{Maxey,
   author     = {M. R. Maxey and J. J. Riley},
   year       =	1994,
   title      = {{Preferential concentration of particles by turbulence}},
   journal    = {International Journal of Multiphase Flow},
   volume     = 20,
   number     = {Suppl.},
   pages      = {169--209}
}

@Article{Auton,
   author     = {T. R. Auton and J. C. R. Hunt and M. {Prud'Homme}},
   year       =	1988,
   title      = {{The force exerted on a body in inviscid unsteady non-uniform rotational flow}},
   journal    = {Journal of Fluid Mechanics},
   volume     = 197,
   pages      = {241--257}
}

@Article{van_Hinsberg,
   author     = {M. A. T. {van Hinsberg} and J. H. M. {ten Thije Boonkkamp} and H. J. H. Clercx},
   year       =	2011,
   title      = {{An efficient, second order method for the approximation of the Basset history force}},
   journal    = {Journal of Computational Physics},
   volume     = 230,
   pages      = {1465--1478}
}

@Book{Graebel,
   author     = {W. P. Graebel},
   year       = 2001,
   title      = {{Engineering fluid mechanics}},
   publisher  = {Taylor \& Francis},
   address    = {New York}
}

@Bulletin{Info_ODE,
   editor     = {Inf'ODE},
   key        = {Inf'ODE},
   title      = {{Avis du conseil scientifique}},
   year       = 1999,
   address    = {Côtes D'Armor},
   publisher  = {Bulletin de liaison de de l'observatoire d\'epartemental de l'environnement}
}

@Article{Salomonsen,
   author     = {J. Salomonsen and M. Flindt and O. Geertz-Hansen and C. Johansen},
   year       =	1999,
   title      = {{Modelling advective transport of Ulva lactuca (L) in the sheltered bay, M\o llekrogen, Roskilde Fjord, Denmark}},
   journal    = {Hydrobiologia},
   volume     = 397,
   pages      = {241--252}
}

@Article{Donaghay,
   author     = {P.L. Donaghay and T.R. Osborn},
   year       =	1997,
   title      = {{Toward a theory of biological-physical control of harmful algal bloom dynamics and impacts}},
   journal    = {American Society of Limnology and Oceanography},
   volume     = 42,
   pages      = {1283--1296}
}

@Article{Issa,
   author     = {R. Issa and D. Roug\'e and M. Benoit and D. Violeau and A. Joly},
   year       =	2009,
   title      = {{Modelling algae transport in coastal area with the shallow water equations}},
   journal    = {Journal of Hydro-Environment Research},
   volume     = 3,
   pages      = {215--223}
}

@Article{Monti,
   author     = {Paolo Monti and Giovanni Leuzzi},
   year       =	2010,
   title      = {{Lagrangian models of dispersion in marine environment }},
   journal    = {Environmental Fluid Mechanics},
   volume     = 10,
   number     = 6,
   pages      = {637--656}
}

@Article{Heemink,
   author     = {A. W. Heemink},
   year       =	1990,
   title      = {{Stochastic modelling of dispersion in shallow water}},
   journal    = {Stochastic Hydrology and Hydraulics},
   volume     = 4,
   pages      = {161--174}
}
@Article{Stijnen,
   author     = {J. W. Stijnen and H. W. Heemink and H. X. Lin},
   year       =	2006,
   title      = {{An efficient 3D particle transport model for use in stratified flow}},
   journal    = {International Journal for Numerical Methods in Fluids},
   volume     = 56,
   pages      = {331--350}
}

@Article{Csanady,
   author     = {G. T. Csanady},
   year       =	1963,
   title      = {{Turbulent diffusion of heavy particles in the atmosphere}},
   journal    = {Journal of the Atmospheric Sciences},
   volume     = 20,
   pages      = {201--208}
}

@Article{Yeo,
   author     = {K. Yeo and S. Dong and E. Climent and M. R. Maxey},
   year       =	2010,
   title      = {{Modulation of homogeneous turbulence seeded with finite size bubbles or particles}},
   journal    = {International Journal of Multiphase Flow},
   volume     = 36,
   pages      = {221--233}
}

@Article{Sawford,
   author     = {B. L. Sawford and F. M. Guest},
   year       =	1991,
   title      = {{Lagrangian statistical simulation of the turbulent motion of heavy particles}},
   journal    = {Boundary-Layer Meteorology},
   volume     = 54,
   number     = {1-2},
   pages      = {147--166}
}

@Article{Uhlmann,
   author     = {M. Uhl\-mann},
   year       =	2008,
   title      = {{Interface-resolved direct numerical simulation of vertical particulate channel flow in the turbulent regime}},
   journal    = {Physics of Fluids},
   volume     = 20,
   number     = 5,
   pages      = {053305}
}

@Article{Poelma,
   author     = {C. Poelma and J. Westerweel and G. Ooms},
   year       =	2007,
   title      = {{Particle-fluid interactions in grid-generated turbulence}},
   journal    = {Journal of Fluid Mechanics},
   volume     = 589,
   pages      = {315--351}
}

@Inproceedings{Elghobashi,
   author     = {S. Elghobashi},
   year       =	2006,
   title      = {{An updated classification map of particle-laden turbulent flows}},
   editor     = {S. Balachandar and A. Prosperetti},
   booktitle  = {Proceedings of the IUTAM Symposium on Computational Multiphase Flow},
   address    = {{Springer}}
}
%http://books.google.fr/books?id=sjY0S6R30FcC&pg=PA3&lpg=PA3&dq=%22An+Updated+Classification+Map+of+Particle-Laden+Turbulent+Flows%22&source=bl&ots=1hRWp56Ztg&sig=dtFMHXW_BgmaBHA8VgWsTV9OivI&hl=fr&ei=ISuTTaGABs62hAfJw5GWDw&sa=X&oi=book_result&ct=result&resnum=4&ved=0CDcQ6AEwAw#v=onepage&q&f=false

@Article{Eaton,
   author     = {J. K. Eaton and J. R. Fessler},
   year       =	1994,
   title      = {{Preferential concentration of particles by turbulence}},
   journal    = {International Journal of Multiphase Flow},
   volume     = 20,
   number     = {Suppl.},
   pages      = {169--209}
}

@Article{Peirano,
   author     = {E. Peirano and S. Chibbaro and J. Pozorski and J.-P. Minier},
   year       =	2006,
   title      = {{Mean-field/PDF numerical approach for polydispersed turbulent two-phase flows}},
   journal    = {Progress in Energy and Combustion Science},
   volume     = 32,
   pages      = {315--371}
}

@Phdthesis{Cordeiro,
   author     = {P. {Cordeiro~Fernandes}},
   key        = {{Cordeiro~Fernandes}},
   year       = 2005,
   title      =	{{\'{E}tude exp\'{e}rimentale de la dynamique de corps mobiles en ascension dans un fluide peu visqueux}},
   school     = {INP Toulouse}
}

@Manual{Eddins,
   author       = {S. Eddins},
   title        = {{The Watershed Transform: Strategies for Image Segmentation}},
   year         =	2002,
   month        = {February},
   organization = {{MathWorks Newsletters - MATLAB News \& Notes}},
   note         ={http://www.mathworks.com/company/newsletters/news\_notes/win02/watershed.html}
}

@Techreport{Ettema,
   author     = {R. Ettema and M. Muste},
   year       =	2002,
   title      = {{Scale-effect trends in hydraulic models of flow at a dike in a flat-bed channel}},
   institution= {Hydroscience \& Engineering}
}

@Article{Tang,
   author     = {X. Tang and X. Ding and Z. Chen},
   year       =	2006,
   title      = {{Large eddy simulations of three-dimensional flows around a spur dike}},
   journal    = {Tsinghua Science and Technology},
   volume     = 11,
   number     = 1,
   pages      = {117-123}
}


@Article{Uijttewaal,
   author     = {W. Uijttewaal},
   year       =	2005,
   title      = {{Effects of groyne layout on the flow in groyne fields: laboratory experiments}},
   journal    = {Journal of Hydraulic Engineering},
   volume     = 131,
   number     = 9,
   pages      = {782--791}
}

@manual{OpenFoam,
   author     = {{Open CFD}},
   title      = {OpenFOAM user guide},
   year       = {2011},
   note       = {\url{http://www.openfoam.com/}}
}

@Inproceedings{Chanson,
   author     = {H. Chanson},
   year       =	2008,
   title      = {{Acoustic Doppler velocimetry (ADV) in the field and in laboratory: practical experiences}},
   editor     = {F. Larrarte and H. Chanson},
   booktitle  = {International Meeting on Measurements and Hydraulics of Sewers},
   address    = {{Brisbane, Australia}}
}

@Under_submission{Joly_pof,
   author     = {A. Joly and F. Moulin and D. Violeau and D. Astruc},
   year       = {xxxx},
   title      = {{Diffusion in grid turbulence of isotropic macro-particles using a Lagrangian stochastic method: theory and validation}},
   journal    = {Physics of Fluids}
}


@Under_submission{Joly_jhr,
   author     = {A. Joly and D. Violeau and F. Moulin and D. Astruc and C. Kassiotis},
   year       = {xxxx},
   title      = {{Transport of isotropic particles in a partially obstructed channel flow : experi- ments and numerical modelling}},
   journal    = {Journal of Hydraulic Research}
}

@Book{Rodi,
   author     = {W. Rodi},
   year       = 2000,
   title      = {{Turbulence models and their applications in hydraulics}},
   publisher  = {IAHR Monograph},
   address    = {Brookfield, Rotterdam}
}


@Book{Komen,
   author     = {G. J. Komen and L. Cavareli and M. Donelan and K. Hasselmann and S. Hasselmann and P. A. E. M. Janssen},
   year       = 1994,
   title      = {{Dynamics and modelling of ocean waves}},
   publisher  = {Cambridge University Press},
   address    = {Cambridge}
}

@Inproceedings{Benoit,
   author     = {M. Benoit and F. Marcos and F. Becq},
   year       =	1996,
   title      = {{Development of a third generation shallow-water wave model with unstructured spatial meshing}},
   booktitle  = {25\textsuperscript{th} International Conference on Coastal Enginerring},
   address    = {{AESCE, Orlando, USA}}
}

@TechReport{Rouge,
   author     = {D. Roug\'{e} and M. Luck},
   year       = 2006,
   title      = {{Colmatage des prises d'eau du CNPE de Paluel: Etude courantologique 2D au voisinage du chenal}},
   institution= {EDF/LNHE},
   number     =	{H-P75-2006-01512-FR}
}

@TechReport{Travade,
   author     = {F. Travade and C. Guerin},
   year       = 2004,
   title      = {{Colmatage des stations de pompages des CNPE de Penly, Paluel et Flamanville par les organismes marins}},
   institution= {EDF/LNHE},
   number     =	{HP-76/03/049/A}
}

@TechReport{Issa2,
   author     = {R. Issa},
   year       = 2008,
   title      = {{Mod\'{e}lisation et int\'{e}gration de l'effet des vagues lors de la simulation de la courantologie au voisinage du CNPE de Paluel}},
   institution= {EDF/LNHE},
   number     =	{CRE-P74/2008/06}
}


@TechReport{Issa3,
   author     = {R. Issa and D. Roug\'{e}},
   year       = 2007,
   title      = {{Mod\'{e}lisation hydrodynamique au niveau du CNPE de Paluel: description du mod\`{e}le num\'{e}rique d\'{e}velopp\'{e} en 2007}},
   institution= {EDF/LNHE},
   number     =	{HP-P74-2007-02927-FR}
}

@Article{Biber,
   author     = {P. D. Biber},
   year       =	2007,
   title      = {{Hydrodynamic transport of drifting macroalgae through a tidal cut}},
   journal    = {Estuarine, Coastal and Shelf Science},
   volume     = 74,
   pages      = {565--569}
}

@Article{Bosence,
   author     = {D. W. Bosence},
   year       =	1976,
   title      = {{Ecological studies on two unattached coralline algae from western Ireland}},
   journal    = {Palacontology},
   volume     = 19,
   number     = 2,
   pages      = {365--395}
}

@Article{Flindt,
   author     = {M. R. Flindt and C. B. Pedersen and C. L. Amos and A. Levy and A. Bergamasco and P. L. Friend},
   year       =	2007,
   title      = {{Transport, sloughing and settling rates of estuarine macrophytes: Mechanisms and ecological implications}},
   journal    = {Continental Shelf Research},
   volume     = 27,
   pages      = {1096--1103}
}

@Article{Solidoro,
   author     = {C. Solidoro and G. Pecenik and R. Pastres and D. Franco and C. Dejak},
   year       =	1997,
   title      = {{Modelling macroalgae (Ulva rigida) in the Venice lagoon: Model structure identification and first parameters estimation}},
   journal    = {Ecological Modelling},
   volume     = 94,
   pages      = {191--206}
}

@Article{Trancoso,
   author     = {A. R.Trancoso and S. Saraiva and L. Fernandes and P. Pina and P. Leit\~ao and R. Neves},
   year       =	2005,
   title      = {{Modelling macroalgae using a 3D hydrodynamic§ecological model in a shallow, temperate estuary}},
   journal    = {Ecological Modelling},
   volume     = 187,
   pages      = {232--246}
}