@book{Viollet1997,
author = "Viollet, P.-L.",
title = "M\'{e}canique des fluides \`{a} masse volumique variable",
publisher = "Presses de l'Ecole Nationale des Ponts et Chauss\'{e}es",
year = "1997",
note = "(in French)"
}

@book{Lions1996,
  title = {Mathematical Topics in Fluid Mechanics. Volume 1: Incompressible Models},
  author = {Lions, P.-L.},
  publisher = {Clarendon Press, Oxford Lecture Series in Mathematics and Its Applications 3},
  year = {1996}
}

@book{Aris1962,
author = {Aris, R.},
title = {Vectors, Tensors and the Basic Equations of Fluid Mechanics},
publisher = {Prentice-Hall Inc.: Engelwood Cliffs, NJ},
year = {1962}
}

@article{Chorin1968,
	title = {Numerical solution of the {Navier--Stokes} equations},
	volume = {22},
	journal = {Mathematics of Computation},
	author = {Chorin, A.J.},
	year = {1968},
	pages = {745--762}
}

@article{Temam1968,
	title = {Une méthode d'approximation des solutions des équations de {Navier--Stokes}},
	volume = {98},
	journal = {Bulletin de la Société Mathématique de France},
	author = {Temam, R.},
	year = {1968},
	pages = {115--152},
	note = {(in French)}
}

@article{Guermond2006,
	title = {An overview of projection methods for incompressible flows},
	volume = {195},
	number = {44-47},
	journal = {Computer Methods in Applied Mechanics and Engineering},
	author = {Guermond, J. L. and Minev, P. and Shen, Jie},
	year = {2006},
	pages = {6011--6045}
}

@phdthesis{Leroy2014,
	title = "A New Incompressible {SPH} Model: Towards Industrial Applications",
	author = "Leroy, A.",
	school = "Université Paris-Est",
	address =  "Paris, France",
	year = "2014"
}

@incollection{Rannacher1992,
year={1992},
booktitle={The Navier-Stokes Equations II — Theory and Numerical Methods},
volume={1530},
series={Lecture Notes in Mathematics},
title={On chorin's projection method for the incompressible navier-stokes equations},
publisher={Springer Berlin Heidelberg},
author={Rannacher, R.},
pages={167-183},
}

@article{Orlanski1976,
  author = {Orlanski, I.},
  journal = {Journal of Computational Physics},
  volume = {21},
  title = {A simple boundary condition for unbounded hyperbolic flows},
  year = {1976},
  pages = {251--269}
}
@book{flather76,
author = {R.A. Flather},
title = {Results from surge prediction model of the {North-West European} continental shelf for {April, November and December 1973}},
publisher = {Institute of Oceanography (UK), Report \# 24.},
year = {1976}
}
@article{boussinesq1823,
author = {J. Boussinesq},
title = {Essai sur la th\'{e}orie des eaux courantes},
journal = {M\'{e}moire pr\'{e}sent\'{e} par divers savants \`{a} l'Acad\'{e}mie des Sciences de Paris},
volume = {23},
pages = {380--398},
year = {1823}
}



@phdthesis{agoumi,
author = {A. Agoumi},
title = {Mod\'{e}lisation du r\'{e}gime thermique de la Manche},
school = {Th\`{e}se de doctorat de l'Ecole Nationale des Ponts et Chauss\'{e}es},
year = {1982}
}

@inproceedings{anderson94,
author = {Anderson, M.G. and Bates, P.D. and Hervouet, J.-M.},
title = {Computation of a flood event using a 2-dimensional finite element model and comparison to
field data},
booktitle = {Specialty conference on modelling of flood propagation over initially dry areas, Milan, Italy},
pages = {29--30},
year = {June 1994}
}

@article{atkinson01,
author = {J.H. Atkinson and J.J. Westerink and J.-M. Hervouet},
title = {Similarities between the quasi-bubble and the generalized wave continuity
equation solutions to the shallow water equations},
journal = {International Journal for Numerical Methods in Fluids},
volume = {45},
pages = {689--714},
year = {2004}
}

@article{barr67,
author = {D. Barr},
title = {Densimetric exchange flow in rectangular channels. III. Large scale experiments},
journal = {La Houille Blanche},
volume = {22},
pages = {619--632},
year = {1967}
}

@phdthesis{barros96,
author = {E. Barros},
title = {Estimation de param\`{e}tres dans les \'{e}quations de Saint-Venant},
school = {Th\`{e}se de l'Universit\'{e} Pierre et Marie Curie (Paris VI). Sp\'{e}cialit\'{e} Math\'{e}matiques Appliqu\'{e}es},
year = {1996}
}

@inproceedings{bates99,
author = {P.D. Bates and J.-M. Hervouet},
title = {A new method for moving-boundary hydrodynamic problems in shallow water},
booktitle = {Proceedings of the Royal Society, 455},
pages = {3107--3128},
year = {1999}
}

@article{bates98,
author = {P.D. Bates and M.S. Horritt and J.-M. Hervouet},
title = {Investigating two-dimensional, finite element predictions of floodplain inundation using
fractal generated topography},
journal = {Hydrological Processes},
volume = {12},
pages = {1257--1277},
year = {1998}
}

@inproceedings{stewart98,
author = {P.D. Bates and M.D. Stewart and G.B. Siggers and C.N. Smith and J.-M. Hervouet and R.H.J. Sellin},
title = {Internal and external validation of a two-dimensional finite element code for river flood simulations},
booktitle = {Proceedings of the ICE: Water and Maritime Engineering, 130},
pages = {127--141},
year = {1998}
}

@article{beam78,
author = {R.M. Beam and R.F. Warming},
title = {An implicit factored scheme for the compressible Navier--Stokes equations},
journal = {AIAA Journal},
volume = {16},
number = {4},
pages = {393--402},
year = {1978}
}

@article{benjamin68,
author = {T. Benjamin},
title = {Gravity currents and related phenomena},
journal = {Journal of Fluid Mechanics},
volume = {31},
number = {2},
pages = {209--248},
year = {1968}
}

@inproceedings{benque82,
author = {J.-P. Benque and G. Labadie and J. Ronat},
title = {Une m\'{e}thode d'\'{e}l\'{e}ments finis pour la r\'{e}solution des \'{e}quations de
Navier--Stokes coupl\'{e}es \`{a} une \'{e}quation thermique},
booktitle = {Communication au 4i\`{e}me Symposium International sur les m\'{e}thodes d'\'{e}l\'{e}ments
finis pour les probl\`{e}mes de m\'{e}canique des fluides},
address = {Tokyo, 26--29 July},
year = {1982}
}

@inproceedings{benoist91,
author = {G. Benoist and J.-M. Hervouet and G. Labadie},
title = {L'exp\'{e}rience d'{EDF} en mati\`{e}re de calcul des ondes de submersion},
booktitle = {International meeting on dam break flood wave simulation},
address = {Montr\'{e}al, 8--11 April},
year = {1991}
}

@article{berliand52,
author = {M.E. Berliand and T.G. Berliand},
title =  {Measurement of the effective radiation of the earth with varying cloud amounts},
journal = {Izv. Akad. Nauk SSSR, Ser. Geofiz.},
volume = {1},
year = {1952}
}

@article{berliand60,
author = {T.G. Berliand},
title = {Metodika Kilamatologicheskikh naschetov summarnoi radiatsii},
journal = {Meteor. Hydrol.},
volume = {6},
pages = {9--12},
year = {1960}
}

@book{bermudez95,
author = {A. Bermudez and A. Dervieux and J.A. Desideri and M.E. Vazquez},
title = {Upwind schemes for the two-dimensional shallow water equations with variable
depth using unstructured meshes},
publisher = {Rapport de recherche de l'INRIA \# 2738},
month ={December},
year = {1995}
}

@article{pironneau91,
author = {C. Bernardi and O. Pironneau},
title = {On the shallow water equations at low Reynolds number},
journal = {Communications in Partial Differential Equations},
volume = {16},
number = {1},
pages = {59--104},
year = {1991}
}

@article{bijvelds01,
author = {M. Bijvelds},
title = {Numerical modelling of estuarine flow over steep topography},
journal = {Communications on Hydraulic and Geotechnical Engineering, TU
Delft Faculty of Civil Engineering Report},
volume = {01-2},
month = {March},
year = {2001}
}

@inbook{blumberg87,
author = {A. Blumberg and G. Mellor},
chapter = {A description of a three-dimensional coastal ocean circulation model},
booktitle = {Three-dimensional Coastal Ocean Models, N. Heaps Ed. Volume 4 of Coastal and Estuarine Sciences},
publisher = {American Geophysical Union},
pages = {1--16},
year = {1987}
}

@book{boulet92,
author = {T. Boulet and D. Roug\'{e}},
title = {Telemac 2D. Version 2.0. Dossier de validation},
publisher ={EDF Report HE-43/92.12},
year = {1992}
}

@techreport{release61,
author={Hervouet, J.-M. and Pham, C.-T.},
title={Telemac version 6.1, release notes. {Telemac-2D} and {Telemac-3D}},
institution={EDF R\&D, LNHE},
year = {2011}
}
\bibitem {hugues82}BROOKS, A.-N. and HUGUES, T.J.R., Streamline Upwind Petrov
Galerkin formulations for convection dominated flows with particular emphasis
on the Navier--Stokes equations. Computer Methods in Applied Mechanics and
Engineering, 32, 199--259. 1982

\bibitem {burgeas96}BURGEAS I., CHERGUI J., GIROU D., REQUENA S., Message
Passing Interface. Idris, MPI version 1.2. 1996

\bibitem {byatt71}BYATT-SMITH J.G.B., An integral equation for unsteady
surface waves and a comment on the Boussinesq equation. Journal of Fluid
Mechanics, 29(4), 625--633. 1971

\bibitem {carey88}CAREY G.F., JIANG B.N., A stable least-squares finite
element method for non-linear hyperbolic systems. International Journal for
Numerical Methods in Fluids, 8, 933--942. 1988

\bibitem {casulli90}CASULLI V., Semi-implicit finite difference methods for
the two-dimensional shallow water equations. Journal of Computational Physics,
86, 56--74. 1990

\bibitem {casulli94}CASULLI V., CATTANI E., Stability, accuracy and efficiency
of a semi-implicit method for three-dimensional shallow water flow. Computers
\& Mathematics with Applications, 27(4), 99--112. 1994

\bibitem {casulli92}CASULLI V., CHENG R., Semi-implicit finite difference
methods for three-dimensional shallow water flow. International Journal for
Numerical Methods in Fluids, 15, 629--648. 1992

\bibitem {casulli93}CASULLI V., CHENG R., GARTNER J., Tidal, Residual,
Intertidal Mudflat (TRIM) model and its applications to San Francisco Bay,
California. Estuarine, Coastal and Shelf Science, 36, 235--280. 1993

\bibitem {casulli95}CASULLI V., STELLING G., Simulation of three-dimensional,
non-hydrostatic free-surface flows for estuaries and coastal seas. Estuarine
and coastal modelling. Proceedings of the 4th International Conference, San
Diego, USA, M. Spaulding and R. Cheng Eds. ASCE, 1--12. 1995

\bibitem {chavent71}CHAVENT G., Analyse fonctionnelle et identification de
coefficients r\'{e}partis dans les \'{e}quations aux d\'{e}riv\'{e}es
partielles. Th\`{e}se de la Facult\'{e} des Sciences de Paris.
Sp\'{e}cialit\'{e} Math\'{e}matiques. 1971

\bibitem {chorin68}CHORIN A.J., Numerical solution of the Navier--Stokes
equations. Mathemathics of Computation, 22, 745--762. 1968

@book{ciarlet78,
author = {P.G. Ciarlet},
title = {The finite element method for elliptic problems},
publisher = {North-Holland},
year = {1978}
}

@article{daubert67,
author={Daubert, A. and Graffe, O.},
title = {Quelques aspects des \'{e}coulements presque horizontaux \`{a} 2 dimensions en plan et non permanents},
journal = {La Houille Blanche},
volume = {22},
pages = {847--860},
year = {1967}
}


\bibitem {cobby03}Cobby, D.M. and Mason, D. and Horritt, M.S. and Bates, P.D.,
Two-dimensional hydraulic flood modelling using a finite element mesh
decomposed according to vegetation and topographic features derived from
airborne scanning laser altimetry. Hydrological Processes, 17, 1979--2000. 2003

\bibitem {alga97}Coutinho A.L.G.A., Catabriga L., Martins M.A.D., Alves
J.L.D., An edge-based preconditioner for non-symmetric finite element
equations. Proceedings of 18th Ibero-Latin American Congress on Computational
Methods in Engineering, Brasilia, Brazil. Volume 3, 1249--1255. 1997

\bibitem {dalsecco86}Dalsecco S., Goutal N., Hervouet J.-M., Vujasinovic Y.,
Recent advances in shallow water computations. Communication au 6i\`{e}me
colloque international sur la simulation d'\'{e}coulements par
\'{e}l\'{e}ments finis, Antibes. 1986


\bibitem {daubert90}Daubert O., Gest B., Lepeintre F., Code 3D \`{a} surface
libre MITHRIDATE, \'{e}quations de base, note d'avancement. EDF Report-LNH
HE.41/89.38. 1990

\bibitem {davies94}Davies A., Lawrence J., A three-dimensional model of the M4
tide in the Irish Sea. The importance of open boundary conditions and
influence of wind. Journal of Geophysical Research, 12(C8), 16197--16227. 1994

\bibitem {deardoff70}Deardoff J., A numerical study of three-dimensional
turbulent channel flow at large Reynolds numbers. Journal of Fluid Mechanics,
41(part 2), 453--480. 1970

\bibitem {deconinck93}Deconinck H., Paillere H., Struijs R., Roe P.L.,
Multidimensional upwind schemes based on fluctuation splitting for systems of
conservation laws. Computational Mechanics, n$%
%TCIMACRO{\U{b0}}%
%BeginExpansion
{{}^\circ}%
%EndExpansion
$11, 323--340. 1993

\bibitem {defina94}DEFINA A., D'ALPAOS L., MATTICHIO B., A new set of
equations for very shallow water and partially dry areas suitable to 2D
numerical domains. Proceedings of the speciality conference on modelling of
flood propagation over initially dry areas, Milan, Italy, 29--30 June 1994. 1994

\bibitem {delft99}DELFT HYDRAULICS, Delft3D-Flow manual. Delft Hydraulics,
Release 3.05. 1999

@book{dhatt81,
author ={G. Datt and G. Touzot},
title = {Une pr\'{e}sentation de la m\'{e}thode des \'{e}l\'{e}ments finis},
publisher =  {Collection Universit\'{e} de Compi\`{e}gne, Presses de l'Universit\'{e} Laval},
year = {1981}
}

\bibitem {santos96}DO CARMO A., SEABRA-SANTOS J.S., On breaking waves and
wave-current interaction in shallow water: a 2DH finite element model.
International Journal of Numerical Methods in Fluids, 22, 429--444. 1996

\bibitem {donea83}DONEA J., Arbitrary Lagrangian-Eulerian finite element
methods. Computational Methods for Transient Analysis, 1, 101--119. 1983

\bibitem {donea84}DONEA J., A Taylor-Galerkin method for convective transport
problems. International Journal on Numerical Methods in Engineering, 20,
101--119. 1984

\bibitem {donnars81}DONNARS P., HAUGUEL A., WARLUZEL A., Utilisation d'un code
d'\'{e}coulement tridimensionnel pour le calcul des \'{e}volutions du fond.
EDF Report-LNH HE.41/81.25. 1981

\bibitem {esposito81}ESPOSITO P., R\'{e}solution bidimensionnelle des
\'{e}quations de transport par la m\'{e}thode des caract\'{e}ristiques. EDF
Report HE-41/81.16. 1981

\bibitem {farhat88}FARHAT C., A simple and efficient automatic FEM domain
decomposer. Computers and Structures, 28, 579--602. 1988

\bibitem {farhat94}FARHAT C., LANTERI S., SIMON H.D., TOP/DOMDEC, A software
tool for mesh partitioning and parallel processing. Computing Systems in
Engineering, 6(1), 13--26. 1994

\bibitem {farhat93}FARHAT C., LESOINNE M., Automatic partitionning of
unstructured meshes for the parallel solution of problems in computational
mechanics. International Journal \ for Numerical Methods in Engineering, 36,
745--764. 1993

@book{fischer79,
author = {H.B. Fischer},
title = {Mixing in inland and coastal waters},
publisher = {Academic Press},
year = {1979}
}

\bibitem {flather76}FLATHER R.A., Results from surge prediction model of the
North-West European continental shelf for April, November and December 1973.
Institute of Oceanography (UK), Report n$%
%TCIMACRO{\U{b0}}%
%BeginExpansion
{{}^\circ}%
%EndExpansion
$ 24. 1976

\bibitem {flynn66}FLYNN M., Very high speed computing. Proceedings of the
IEEE, 1901--1909. 1966

\bibitem {fortunato94}FORTUNATO A.B., BAPTISTA A.M., Modelling near-bottom
advective acceleration in surface water models. Computational Methods in Water
Resources X, 2, 1045--1052. Kluwer Academic Press. 1994

\bibitem {frederiksen81}FREDERIKSEN C., WATTS A., Finite-element method for
time-dependent incompressible free surface flow. Journal of Computational
Physics, 39, 282--304. 1981

\bibitem {galland91}GALLAND J.-C., GOUTAL N., Hervouet J.-M., A new numerical
model for solving shallow water equations. Advances in Water Resources, 14(3),
138--148. 1991

\bibitem {geist94}GEIST A., BEGUELIN A., DONGARRA J., JIANG W., MANCHEK R.,
SUNDERAM V., PVM3 User's guide and Reference Manual, Oak Ridge National
Laboratory. 1994

@book{raviart86,
author = {V. Girault and P.A. Raviart},
title = {Finite element methods for the Navier--Stokes equations},
publisher = {Springer-Verlag},
year = {1986}
}

\bibitem {golub89}GOLUB G.H. , VAN LOAN. C.F., Matrix computations (2nd
edition). Johns Hopkins University Press. 1989

\bibitem {goutal87}GOUTAL N., R\'{e}solution des \'{e}quations de Saint-Venant
en r\'{e}gime transcritique par une m\'{e}thode d'\'{e}l\'{e}ments finis.
Application aux bancs d\'{e}couvrants. Th\`{e}se de doctorat de
l'Universit\'{e} Paris VI. 1987

\bibitem {goutal91}GOUTAL N., Note de principe du code Ruptur. EDF Report
HE-43/91-38. 1991

\bibitem {gras68}GRAS R., R\'{e}frig\'{e}ration des centrales thermiques
classiques ou nucl\'{e}aires par plan d'eau et rivi\`{e}res. EDF
Report-HC091-68/n${%
%TCIMACRO{\U{b0}}%
%BeginExpansion
{{}^\circ}%
%EndExpansion
}$ 9. 1968

\bibitem {gray94}GRAY W.G., KOLAR R.L., LUETTICH R.A., WESTERINK J.J., Shallow
water modelling in spherical coordinates: equation formulation, numerical
implementation, and application. Journal of Hydraulic Research, 32(1), 3--24. 1994

\bibitem {gross99}GROSS E.S., KOSEFF J.R., MONISMITH S.G., Three-dimensional
salinity simulations of south San Francisco bay. Journal of Hydraulic
Engineering, November, 1199--1209. 1999

\bibitem {manning89}Guide for selecting Manning's roughness coefficients for
natural channels and flood plains. United States Geological Survey. Water
Supply Paper 2339. 1989

\bibitem {guillou00}GUILLOU S., BARBRY N., NGUYEN K.D., Calcul num\'{e}rique
des ondes de surface par une m\'{e}thode de projection avec un maillage
eul\'{e}rien adaptatif. Compte-Rendu \`{a} l'Acad\'{e}mie des Sciences de
Paris, 328, S\'{e}rie II b, 1--7. 2000

\bibitem {harlow65}HARLOW F., WELCH J., Numerical calculation of
time-dependent viscous incompressible flow of fluid with free-surface. The
Physics of Fluids, 8(12), 2182-2189. 1965

\bibitem {bercovier83}HASBANI Y., LIVNE E., BERCOVIER M., Finite elements and
characteristics applied to advection-diffusion equations. Computers and
Fluids, 11, 2, 71--83. 1983

@article{henderson-sellers,
author = {B. Henderson-Sellers},
title = {Calculating the surface energy balance for lake and reservoir modeling: A review},
journal = {Reviews of Geophysics},
volume = {24},
number = {3},
pages = {625--649},
year = {1986}
}

\bibitem {hendrickson95}HENDRICKSON B., LELAND R., The Chaco user's guide.
Version 2.0. Sandia Technical Report. SAND95-2344. 1995

\bibitem {hervouet84}Hervouet J.-M., Application de la m\'{e}thode des
caract\'{e}ristiques en formulation faible \`{a} la r\'{e}solution des
\'{e}quations d'advection bidimensionnelles sur des maillages grilles. EDF
Report HE-41/84.11. 1984

\bibitem {hervouet86}Hervouet J.-M., CARAC, module de convection en
\'{e}l\'{e}ments finis, par la m\'{e}thode des caract\'{e}ristiques. EDF
Report HE-41/86.21. 1986

\bibitem {hervouet861}Hervouet J.-M., Application of the method of
characteristics in their weak formulation to solving two-dimensional advection
equations on mesh grids. Computational Techniques for Fluid Flow. Volume 5 in
the series \textquotedblleft Recent advances in numerical methods in
fluids\textquotedblright. Pineridge Press. 1986

\bibitem {hervouet89}Hervouet J.-M., Comparison of experimental data and laser
measurements with the computational results of Telemac code (shallow water
equations). Proceedings of \textquotedblleft Hydrocomp '89\textquotedblright,
Dubrovnik, Yugoslavia. June 1989

\bibitem {hervouet91}Hervouet J.-M., Vectorisation et simplification des
algorithmes en \'{e}l\'{e}ments finis. EDF. Bulletin de la Direction des
Etudes et Recherches. S\'{e}rie C, Math\'{e}matiques, Informatique n${%
%TCIMACRO{\U{b0}}%
%BeginExpansion
{{}^\circ}%
%EndExpansion
}$ 1, 1--37. 1991

\bibitem {hervouet912}Hervouet J.-M., Telemac, a fully vectorised finite
element sofware for shallow water equations. Computer Methods and Water
Resources. Rabat, Morocco, 7--11 October 1991. 1991

\bibitem {hervouet922}Hervouet J.-M., Characteristics and mass-conservation.
New developments in Telemac-2D. EDF Report HE-43/92.41. 1992

\bibitem {hervouet923}Hervouet J.-M., Element by element methods for solving
shallow water equations with F.E.M. IX International Conference on
Computational Methods in Water Resources, Denver, Colorado, USA, 9--12 June
1992. 1992

\bibitem {hervouet924}Hervouet J.-M., Solving shallow water equations with
rapid flows and tidal flats. Hydrosoft 92, Valencia, Spain, 21--23 July 1992. 1992

\bibitem {hervouet93}Hervouet J.-M., M\'{e}thodes it\'{e}ratives pour la
r\'{e}solution des syst\`{e}mes matriciels. EDF Report HE-43/93.49. 1993

\bibitem {hervouet932}Hervouet J.-M., Validating the numerical simulation of
dam-breaks and floods. 1st International Conference on Hydro-Science and
Engineering (ICHE) Washington DC, USA, 7--11 June 1993. 1993

\bibitem {hervouet942}Hervouet J.-M., Finite Element algorithms for modelling
flood propagation. Proceedings of the speciality conference on modelling of
flood propagation over initially dry areas, Milan, Italy, 29--30 June 1994. 1994

\bibitem {hervouet944}Hervouet J.-M., Computation of free surface flows, a
state of the art in the Telemac system. First International Conference on
Hydroinformatics, Delft, The Netherlands, 19--23 September 1994. 1994

\bibitem {hervouet962}Hervouet J.-M., Recent advances in the Telemac system.
\textquotedblleft APCOM 96\textquotedblright,\ Third Asian Pacific Conference.
Seoul, South Korea, 16--18 September 1996. 1996

\bibitem {hervouet97}Hervouet J.-M., A numerical simulation of the Malpasset
dam-break with 2D Saint-Venant equations. Proceedings of the Saint-Venant
symposium, Marne la Vall\'{e}e, France, 28--29 August 1997. 1997

\bibitem {hervouet98}Hervouet J.-M., Comparing numerical simulations of free
surface flows using non-hydrostatic Navier--Stokes equations and Boussinesq
equations. XII International Conference on Computational Methods in Water
Resources. The Chersonese, Kreta, Greece, 15--19 June 1998. 1998

\bibitem {hervouet00}Hervouet J.-M., A high resolution 2-D dam-break model
using parallelization. Hydrological Processes, 14(13), 2211--2230. 2000

\bibitem {hervouet002}Hervouet J.-M., On spurious oscillations in primitive
shallow water equations. XIII International Conference on Computational
Methods in Water Resources, Calgary, Canada, 25--29 June 2000. 2000

\bibitem {guesmia99}Hervouet J.-M., GUESMIA M., Solution of Boussinesq
equations in finite elements. Coastal Engineering 1999, Lemnos, Greece, 26--28
May 1999. 1999

\bibitem {hervouet95}Hervouet J.-M., JANIN J.-M., Refined flow modelling in
coastal areas. Coastal 95. Cancun, Mexico, 6--8 September 1995. 1995

\bibitem {hervouet972}Hervouet J.-M., JANIN J.-M., MARCOS F., Numerical
modelling of free surface flows. Devising strategies for parallelism. Computer
Modelling of Seas and Coastal Regions, La Coruna, Spain, 23--25 June 1997. 1997

\bibitem {hervouet943}Hervouet J.-M., JANIN J.-M., MOULIN C., Preconditioning
and solving linear systems for the computation of free surface flows. X
International Conference on Computational Methods in Water Resources,
Heidelberg, Germany. 1994

\bibitem {hervouet003}Hervouet J.-M., JANKOWSKI J., Comparing numerical
simulations of free surface flows using non-hydrostatic Navier--Stokes
equations and Boussinesq equations. Hydroinformatics. Iowa Institute of
Hydraulic Research, Iowa City, USA, 23--27 July 2000. 2000

\bibitem {lepeintre92}Hervouet J.-M., LEPEINTRE F., Prise en compte des
potentiels astraux dans les calculs de mar\'{e}e. EDF Report HE-42/92-43. 1992

\bibitem {hervouet982}Hervouet J.-M., MARCOS F., Parallelism and code coupling
in the Telemac system. Proceedings of the Hydroinformatics Conference.
Copenhagen, Denmark, 23--26 August 1998. 1998

@techreport{moulin93,
author={Hervouet, J.-M. and Moulin, C.},
title="Nouveaux sch\'{e}mas de convection dans Telemac-{2D} version 2.3: apport de la m\'{e}thode {SUPG}",
institution="EDF",
note="HE-43/93.27",
year="1993"
}

\bibitem {hervouet99}Hervouet J.-M., PETITJEAN A., Malpasset dam-break
revisited with two-dimensional computations. Journal of Hydraulic Research,
37(6), 777--788. 1999

@techreport{release57,
author={Hervouet, J.-M. and Pham, C.-T.},
title={Telemac version 5.7, release notes.\ Telemac-{2D} and Telemac-{3D}},
year={2007},
institution={EDF R\&D, LNHE}
}

\bibitem {samie00}Hervouet J.-M., SAMIE R., MOREAU B., Modelling urban areas
in dam-break flood-wave numerical simulations. International Seminar and
Workshop on the Rescdam Project, Sein\"{a}joki, Finland, 1--5 October 2000. 2000

\bibitem {hervouet94}Hervouet J.-M., VAN HAREN L., Code Telemac-2D - Version
3.0 - Note de Principe. EDF Report HE-43/94/051/B. 1994

\bibitem {hervouet96}Hervouet J.-M., VAN HAREN L., Recent advances in
numerical methods for fluid flow. In Floodplain Processes,\ John Wiley \& Sons
Ltd. 1996

@book{hervouet007,
author = {J.-M. Hervouet},
title = {Hydrodynamics of free surface flows, modelling with the finite element method},
publisher = {John Wiley \& Sons Ltd.},
year = {2007}
}

\bibitem {hestenes52}HESTENES M.R., STIEFEL E., Methods of conjugate gradients
for solving linear systems. Journal of Research of the NBS. V49. 1952

\bibitem {hicks92}HICKS F.E., STEFFLER P.M., A
characteristic-dissipative-Galerkin scheme for open channel flow. ASCE Journal
of Hydraulics Engineering, 118, 337--352. 1992

\bibitem {hicks94}HICKS F.E., STEFFLER P.M., Comparison of finite element
methods for the Saint-Venant equations. International Journal for Numerical
Methods in Fluids, 20, 99--113. 1994

\bibitem {hinkelmann97}HINKELMANN R., Parallelisierung eines
Lagrange-Euler-Verfahrens f\"{u}r Str\"{o}mungs und Stofftransportprozesse in
Oberfl\"{a}chengew\"{a}ssern. Institut f\"{u}r Str\"{o}mungsmechanik und
Elektronik, Rechnen im Bauwesen der Universit\"{a}t Hannover. Bericht n$%
%TCIMACRO{\U{b0}}%
%BeginExpansion
{{}^\circ}%
%EndExpansion
$ 51. 1997

\bibitem {hirt81}HIRT C., NICHOLS B., Volume of fluid (VOF) method for the
dynamics of free boundaries. Journal of Computational Physics, 39, 201--225. 1981

\bibitem {idelcik60}IDEL'CIK I.E., M\'{e}mento des pertes de charge. Editions
Eyrolles. 1960

@book{imerito,
author = {A. Imerito},
title = {Dynamic Reservoir Simulation Model {DYRESM v4. V4.0 Science Manual}},
publisher = {Rapport du Centre for Water Research, University of Western Australia},
year = {2007}
}

\bibitem {janin94}JANIN J.-M., Code Telemac-3D - Version 2.0 - Descriptif
informatique. EDF Report LNH HE-42/94/033/A. 1994

@techreport{janin95,
author="Janin, J.-M.",
title="Conservativit\'{e} et positivit\'{e} dans un module de transport de scalaire \'{e}crit en \'{e}l\'{e}ments finis -
Application \`{a} Telemac-{3D}",
institution="EDF",
note="HE-42/95/054/A",
year="1995"
}

@book{jmj,
author = {J.-M. Janin and X. Blanchard},
title = {Simulation des courants de mar\'{e}e en Manche et Proche Atlantique},
publisher = {EDF DER\&LNH report HE-42/92.58},
year = {1992}
}

\bibitem {janin97}JANIN J.-M., DAVID E., DENOT T., Code Telemac-3D - Version
2.2 - Manuel utilisateur. EDF Report HE-42/97/048/A. 1997

\bibitem {denot97}JANIN J.-M., DAVID E., DENOT T., Code Telemac-3D - Version
2.2 - Validation document. EDF Report LNH HE-42/97/050/A. 1997

\bibitem {janin92}JANIN J.-M., LEPEINTRE F., PECHON P., Telemac-3D: a finite
element code to solve 3D free surface flow problems. Computer Modelling of
Seas and Coastal Regions, Southampton, UK. April 1992

\bibitem {jankowski98}JANKOWSKI J.A., A non-hydrostatic model for free surface
flows. Institut f\"{u}r Str\"{o}mungsmechanik und Elektronik. Rechnen im
Bauwesen der Universit\"{a}t Hannover. Bericht n$%
%TCIMACRO{\U{b0}}%
%BeginExpansion
{{}^\circ}%
%EndExpansion
$56. 1998

@book{jerlov,
author = {N.G. Jerlov},
title = {Optical oceanography},
publisher = {Ed. Elsevier},
year = {1968}
}

\bibitem {karypis95}KARYPIS G., KUMAR V., Metis mesh partitioner. Unstructured
graph partitioning and sparse matrix ordering system.\ University of Minnesota
Technical Report. 1995

\bibitem {kawamura94}KAWAMURA T., MIYATA H., Simulation of nonlinear ship
flows by density-function method. Journal of the Society of Naval Architects,
Japan. 176, 1--10. 1994

\bibitem {kernighan69}KERNIGHAN B.W., LIN S., An efficient heuristic procedure
for partitioning graphs. The Bell System Technical Journal. 1970

\bibitem {klaassen74}KLAASSEN G.J., van der ZWAARD J.J., Roughness
coefficients of vegetated flood-plains. Journal of Hydraulic Research, n$%
%TCIMACRO{\U{b0}}%
%BeginExpansion
{{}^\circ}%
%EndExpansion
$ 1. 1974

\bibitem {klein}KLEIN J.P., MOMAL D. M\'{e}thode d'estimation du rayonnement
solaire. Sa mise en \oe uvre num\'{e}rique. Rapport EDF HE31/79-15, 1979.

\bibitem {kolar94}KOLAR R.L., GRAY W.G., WESTERINK J.J., LUETTICH R.A.,
Shallow water modelling in spherical coordinates: equation formulation,
numerical implementation and application. Journal of Hydraulic Research,
32(1), 3--24. 1994

\bibitem {kolar96}KOLAR R.L., GRAY W.G., WESTERINK J.J., Boundary conditions
in shallow water models - an alternative implementation for finite element
codes. International Journal for Numerical Methods in Fluids, 22, 603--618. 1996

\bibitem {korn68}KORN G.A., KORN T.M., Mathematical handbook for engineers and
scientists. McGraw-Hill. 1968

@book{kraus,
author = {E.B. Kraus},
title = {Atmosphere - Ocean Interaction},
publisher = {Oxford University Press},
year = {1972}
}

\bibitem {labadie83}LABADIE G., LASBLEIZ P., Quelques m\'{e}thodes de
r\'{e}solution du probl\`{e}me de Stokes en \'{e}l\'{e}ments finis. EDF Report
HE-41/83.01. 1983

\bibitem {labadie91}LABADIE G., PERON S., Hervouet J.-M., Study of head losses
in a confluence of rivers with a scale model and a numerical model solving
shallow water equations. Refined flows modelling. XXIV IAHR Congress, Madrid,
9--13 September 1991. 1991

\bibitem {lafaurie94}LAFAURIE B., NARDONE C., SCARDOVELLI R., ZALESKI S.,
ZANETTI G., Modelling merging and fragmentation in multiphase flows with
SURFER. Journal of Computational Physics, 113, 134--147. 1994

\bibitem {laitone60}LAITONE E., The second approximation to cnoidal and
solitary waves. Journal of Fluid Mechanics, 9, 430--444. 1960

@article{launder74,
author = {B.E. Launder and D.B. Spalding},
title = {The numerical computation of turbulent flows},
journal = {Computer Methods in Applied Mechanics and Engineering},
volume = {3},
year = {1974}
}

\bibitem {laurence91}LAURENCE D., VIOLLET P.-L., Cours de Simulation
Num\'{e}rique du LNH. Turbulence, Thermohydraulique et Stratifications. Tome
1, EDF Report-DER HE-41/91.13A. 1991

\bibitem {lax60}LAX P.D., WENDROFF B., Systems of conservation laws.
Communications in Pure and Applied Mathematics, 13, 217--237. 1960

\bibitem {bloss88}LEHFELDT R., BLOSS S., On the numerical modelling of
stratified flows. Physical processes in estuaries, J. Drokers, W. Van Leussen
eds, 283-284. Springer-Verlag. 1988

\bibitem {lepeintre90}LEPEINTRE F., Comment r\'{e}soudre les \'{e}quations de
Saint-Venant sph\'{e}riques avec un code r\'{e}solvant les \'{e}quations de
Saint-Venant en coordonn\'{e}es cart\'{e}siennes. EDF Report HE-42/90.03 and
HE-43/90.03. 1990

\bibitem {binli01}LI B., FLEMING C., Three-dimensional model of Navier--Stokes
equations for water waves. Journal of Waterway, Port, Coastal and Ocean
Engineering. January--February 2001

\bibitem {lich92}LICH T.G., MUAT L.K., Boundary conditions for the
two-dimensional Saint-Venant equation system. Applied Mathematical Modelling,
16, 498--502. 1992

\bibitem {lions81}LIONS J.L., Some methods in the mathematical analysis of
systems and their control. Science Press. 1981

\bibitem {morgan87}LOHNER R., MORGAN K., PERAIRE J. and VAHDATI M., Finite
element flux-corrected transport (FEM--FCT) for the Euler and Navier--Stokes
equations. International Journal for Numerical Methods in Fluids, 7,
1093--1109. 1987

\bibitem {love11}LOVE A.E.H., Some problems of geodynamics. Cambridge
University Press. 1911

@book{pironneau96,
author = {B. Lucquin and O. Pironneau},
title = {Introduction au calcul scientifique},
publisher = {Masson},
year = {1996}
}

\bibitem {luettich91}LUETTICH R.A., WESTERINK J.J., SCHEFFNER N.W., ADCIRC, An
advanced three-dimensional circulation model for shelves, coasts and
estuaries. Dept. of the Army, US Army Corps of Engineers. 1991

\bibitem {lumley72}LUMLEY J.L., A model for computation of stratified
turbulent flows', Proceedings of International Symposium on Stratified Flows,
Novossibirsk, pp. 333--343. American Society of Civil Engineers. 1972

\bibitem {madsen92}MADSEN P.A., SORENSEN O.R., A new form of the Boussinesq
equations with improved linear dispersion characteristic. Part II. A
slowly-varying bathymetry. Coastal Engineering, 18, 183--204. 1992

@article{mahadevan96,
author = {A. Mahadevan and J. Oliger and R. Street},
title = {A non-hydrostatic meso-scale ocean model},
journal = {Journal of Physical Oceanography},
volume = {26},
number = {9},
pages = {1881--1900},
year =  {1996}
}

\bibitem {manoha81}MANOHA B., M\'{e}thodes simples d'estimation de la dilution
d'un rejet en mer. EDF Report-LNH HE42/80.61. 1981

\bibitem {janin942}MARCOS F., JANIN J.-M., Code Telemac-3D - Version 2.0 -
Note th\'{e}orique. EDF Report-LNH HE-42/94/032. 1994

\bibitem {marcos94}MARCOS F., JANIN J.-M., Nouveaux d\'{e}veloppements dans
l'\'{e}tape de convection - diffusion de Telemac 3D. EDF Report HE-42/94/025.
October 1994. 1994

\bibitem {mason03}MASON D., COBBY D.M., HORRITT M.S. and BATES P.D.,
Floodplain friction parameterization in two-dimensional river flood models
using vegetation heights derived from airborne scanning laser altimetry.
Hydrological Processes, 17, 1711--1732. 2003

\bibitem {meeus88}MEEUS J., Astronomical formulae for calculators.
Willmann-Bell. 1988

@article{mellor74,
author = {G.L. Mellor and T. Yamada},
title = {A hierarchy of turbulence closure models for planetary boundary layers},
journal = {Journal of Atmospheric Sciences},
volume = {31},
pages = {1791--1806},
year = {1974}
}

\bibitem {mewis93}MEWIS P., HOLZ K.-P., A quasi-bubble function approach for
shallow water waves. Advances in Hydro-Science and Engineering, 1, 768--774. 1993

\bibitem {monaghan92}MONAGHAN J.J., Smoothed particles hydrodynamics. Annual
Review of Astrophysics, 30, 543-74. 1992

\bibitem {monaghan94}MONAGHAN J.J., Simulating free surface flows with SPH.
Journal of Computational Physics, 110, 399--406. 1994

\bibitem {muzaferija98}MUZAFERIJA S., PERIC M., Computation of free surface
flows using interface-tracking and interface-capturing methods. In Nonlinear
Water Wave Interaction, O. Mahrenholtz, M. Markiewicz Eds. Computational
Mechanics Publications. 1998

\bibitem {naim91}NAIM M., Mod\'{e}lisation num\'{e}rique des effets
hydrodynamiques provoqu\'{e}s par un glissement de terrain dans une retenue.
Th\`{e}se de l'Universit\'{e} Joseph Fourier, Grenoble 1. 1991

\bibitem {navier1823}NAVIER C., M\'{e}moire sur les lois du mouvement des
fluides. M\'{e}moires de l'Acad\'{e}mie des Sciences, 6, 389--416. 1823

@book{nezu93,
author = {I. Nezu and H. Nakagawa},
title = {Turbulence in open-channel flows},
booktitle = {IAHR monograph series},
address = {Balkema},
year = {1993}
}

\bibitem {nihoul87}NIHOUL J., JAMART B., Three-dimensional models of marine
and estuarine dynamics. Volume 45 of Elsevier Oceanography Series. Elsevier.\ 1987

\bibitem {nwogu93}NWOGU O., Alternative form of Boussinesq equations for
nearshore wave propagation, Journal of Waterways, Port, Coastal and Ocean
Engineering, 119, 618--638. 1993

\bibitem {paillere95}PAILLERE H., Multidimensional upwind residual
distribution schemes for the Euler and Navier--Stokes equations on
unstructured grids. Th\`{e}se de l'Universit\'{e} Libre de Bruxelles. 1995

@article{pairaud1,
author = {I.L. Pairaud and F. Lyard and F. Auclair and T. Letellier and P. Marsaleix},
title = {Dynamics of the semi-diurnal and fourth-diurnal internal tides in the Bay of Biscay. Part 1: Barotropic tides},
journal = {Continental Shelf Research},
volume = {28},
number = {1011},
pages = {1294--1315},
year = {2008}
}

@article{pairaud2,
author = {I.L. Pairaud and F. Auclair and P. Marsaleix and F. Lyard and A. Pichon},
title = {Dynamics of the semi-diurnal and fourth-diurnal internal tides in the Bay of Biscay. Part 2: Baroclinic tides},
journal = {Continental Shelf Research},
volume = {30},
number =  {3-4},
pages = {253--269},
year = {2010}
}

@article{paulson,
author = {C.A. Paulson and J.J. Simpson},
title = {Irradiance measurements in the upper ocean},
journal = {Journal of Physical Oceanography},
volume = {7},
pages = {952--956},
year = {1977}
}

@article{payne,
author = {R.E. Payne},
title = {Albedo of the sea surface},
journal = {Journal of Atmospheric Sciences},
volume = {29},
pages = {959--970},
year = {1972}
}

\bibitem {peaceman55}PEACEMAN D.W., RACHFORD H.H., The numerical solution of
parabolic and elliptic differential equations. SIAM Journal, 3, 28--41. 1955

\bibitem {pechon90}PECHON P., Code MITHRIDATE pour les \'{e}coulements
tridimensionnels \`{a} surface libre. Cahier des charges. EDF Report-LNH
HE42/89.45. 1990

@book{perrin63,
author = {C. {Perrin de Brichambaut}},
title = {Rayonnement solaire et \'{e}changes radiatifs naturels},
publisher = {Ed. Gauthier-Villars},
year = {1963}
}

@book{perrin75,
author = {C. {Perrin de Brichambaut}},
title = {Estimation des ressources \'{e}nerg\'{e}tiques solaires en France},
publisher = {Suppl\'{e}ment aux cahiers A.F.E.D.E.S. num\'{e}ro 1},
year = {1975}
}

\bibitem {perthame95}PERTHAME B., Convergence of N-schemes for linear
advection equations. Pitman Monographs Surveys in Pure and Applied
Mathematics, 77. Longman. 1995

\bibitem {perthame01}PERTHAME B., SIMEONI C., A kinetic scheme for the
Saint-Venant system with a source term. Rapport de Recherche DMA - 01 - 13 du
D\'{e}partement de math\'{e}matiques et applications.\ Ecole Normale
Sup\'{e}rieure CNRS UMR 8553. May 2001

@book{phammareev6p2,
author = {C.-T. Pham and S. Bourban and N. Durand and M. Turnbull},
title = {M\'{e}thodologie pour la simulation de la mar\'{e}e en Manche et proche Atlantique avec {TELEMAC-2D et TELEMAC-3D}},
publisher = {EDF R\&D-LNHE report H-P74-2012-02534-FR},
year = {2013}
}

@inproceedings{phamlyard,
author = {C.-T. Pham and F. Lyard},
title = {Use of tidal harmonic constants databases to force open boundary conditions in {TELEMAC}},
booktitle = {$19^{\mathrm{{th}}}$ {TELEMAC-MASCARET} User Conference},
address = {Oxford, UK},
year = {2012}
}

@book{pironneau88,
author = {O. Pironneau},
title = {M\'{e}thode des \'{e}l\'{e}ments finis pour les fluides},
publisher = {Masson},
year = {1988}
}

@article{prandtl25,
author = {L. Prandtl},
title = {\"{U}ber die ausgebidete Turbulenz},
journal = {Zeitschrift f\"{u}r augewandte Mathematik und Mechanik},
volume = {5},
number = {136},
year = {1925}
}

\bibitem {press89}PRESS W.H., FLANNERY B.P., TEUKOLSKY S.A., VETTERLING W.T.,
Numerical recipes, the art of scientific computing (FORTRAN version).
Cambridge University Press. 1989

@book{pugh,
author = {D.T. Pugh},
title = {Tides, Surges and Mean Sea-Level},
publisher = {John Wiley \& Sons},
year = {1987, reprinted in 1996}
}

@inproceedings{quetin77,
author = {B. Quetin},
title = {Mod\`{e}les math\'{e}matiques de calcul des \'{e}coulements induits par le vent},
booktitle = {17i\`{e}me congr\`{e}s de l'AIRH},
address = {Baden-Baden, 15--19 Ao\^{u}t},
year = {1977}
}

@book{ramette81,
author = {M. Ramette},
title = {Guide d'hydraulique fluviale},
publisher = {EDF Report-LNHE-40/81.04.},
year = {1981}
}

\bibitem {rastogi78}RASTOGI A.-K., RODI W., Predictions of heat and mass
transfer in open channels. Journal of the Hydraulics Division, ASCE,
n${{}^{\circ}}$ HY3, 397--420. 1978

@book{raviart83,
author="P.A. Raviart and J.M. Thomas",
title="Introduction \`{a} l'analyse num\'{e}rique des \'{e}quations aux d\'{e}riv\'{e}es partielles",
publisher="Masson",
year="1983"
}

\bibitem {rayna85}RAYNA G., REDUCE. Software for algebraic computation.
Springer--Verlag. 1985

\bibitem {ritter1892}RITTER A., Die Fortpflanzung der Wasserwellen.
Zeitschrift des Vereines deutscher Ingenieure, 36(33), 947--954. 1892

@book{rodi84,
author = {W. Rodi},
title = {Turbulence models and their applications in hydraulics. A state of the art review},
publisher = {Edition AIRH},
year = {1984}
}

\bibitem {roe81}ROE P.L., Approximate Riemann solvers, parameter vectors, and
difference schemes. Journal of Computational Physics, 43, 357--372. 1981

\bibitem {roe92}ROE P.L., SIDILKOVER D., Optimum positive linear schemes for
advection in two and three dimensions. SIAM Journal of Numerical Analysis,
29(6), 1542--1568. 1992

\bibitem {saad85}SAAD Y., SCHULTZ M.H., GMRES, a generalized minimal residual
algorithm for solving nonsymmetric linear systems. Research Report YALEU/RR
257. 1985

\bibitem {saint-venant1871}SAINT-VENANT A.J.C., Th\'{e}orie du mouvement
non-permanent des eaux, avec application aux crues des rivi\`{e}res et \`{a}
l'introduction des mar\'{e}es dans leur lit. Compte-Rendu \`{a} l'Acad\'{e}mie
des Sciences de Paris, 73, 147--154. 1871

@book{salencon,
author = {M.J. Salencon and J.M. Th\'{e}baud},
title = {Mod\'{e}lisation d'\'{e}cosyst\`{e}me lacustre},
publisher = {Ed. Masson},
ISBN = {2-225-85627-3},
year = {1997}
}

@book{schureman71,
author = {P. Schureman},
title = {Manual of harmonic analysis and prediction of tides},
publisher = {U.S. Coast and Geodetic Survey},
year = {1924, reprinted in 1971}
}

\bibitem {selmin85}SELMIN V., DONEA J., QUARTAPELLE L., Finite element methods
for non-linear advection. Computer Methods in Applied Mechanics and
Engineering, 52, 817--845. 1985

\bibitem {serre53}SERRE F., Contribution \`{a} l'\'{e}tude des \'{e}coulements
permanents et variables dans les canaux. La Houille Blanche, Juin--Juillet. 1953

\bibitem {shakib89}SHAKIB F., HUGHES T.J.R., JOHAN Z., A multi-element group
preconditioned GMRES algorithm for nonsymmetric systems arising in finite
element analysis. Computer Methods in Applied Mechanics and Engineering, 75,
415--456. 1989

\bibitem {simon91}SIMON H.D., Partitioning of unstructured problems for
parallel processing. Computing Systems in Engineering, 2(2/3), 135--148. 1991

@article{smagorinski63,
author = {J. Smagorinski},
title = {General circulation experiments with the primitive equations. I. The basic experiment},
journal = {Monthly Weather Review},
volume = {91},
pages = {99--164},
year = {1963}
}

@phdthesis{soliva82,
author = {J.-C. Soliva},
title = {Mod\`{e}le tridimensionnel d'\'{e}coulements m\'{e}so-m\'{e}t\'{e}orologiques. Etude de la convection-diffusion d'un polluant passif \`{a} cette \'{e}chelle},
school = {Th\`{e}se ENPC},
year = {1982}
}

\bibitem {speziale87}SPEZIALE C.G., On non-linear k-L and k-epsilon models of
turbulence. Journal of Fluid Mechanics, 178, 459--475. 1987

\bibitem {stoker57}STOKER J.J., Water waves. Wiley Interscience Publishers,
333--341. 1957

\bibitem {stokes1845}STOKES G., On the theories of the internal friction of
fluids motion and of the equilibrium and motion of elastic solids.
Transactions of the Cambridge Philosophical Society, 8, 287--305. 1845

\bibitem {su80}SU C.H., MIRIE R.M., On head-on collisions between two solitary
waves, Journal of Fluid Mechanics, 98, 509--525. 1980

@article{sweers76,
author = {H.E. Sweers},
title = {Monograms to estimate the heat-exchange coefficient at the air-water interface as a function of wind speed and
temperature; a critical survey of some literature},
journal = {Journal of Hydrology},
volume = {30},
pages = {375--401},
year = {1976}
}

@book{tva,
author = {Tennessee Valley Authority},
title = {Heat and mass transfer between a water surface and the atmosphere},
publisher = {Water Resources Research Report No 0-68003},
year = {1972}
}

\bibitem {thompson87}THOMPSON K.W., Time dependent boundary conditions for
hyperbolic systems. Journal of Computational Physics, 68, 1--24. 1987

@article {tsanis89,
author = {I. Tsanis},
title = {Simulation of wind-induced water currents},
journal = {Journal of Hydraulic Engineering},
volume = {115},
pages = {1113--1134},
year = {1989}
}

\bibitem {turner73}TURNER J., Buoyancy effects in fluids. Cambridge University
Press. 1973

\bibitem {unesco87}UNESCO, International Oceanographic Tables, Volume 4.
UNESCO Technical papers in marine science, n$%
%TCIMACRO{\U{b0}}%
%BeginExpansion
{{}^\circ}%
%EndExpansion
$ 40. 1987

\bibitem {viollet87}VIOLLET P.-L., Mod\`{e}les de turbulence \`{a} partir de
grandeurs statistiques en un point: mod\`{e}le K-epsilon, EDF Bulletin de la
Direction des Etudes et Recherches - S\'{e}rie A. Nucl\'{e}aire. Hydraulique.
Thermique, 1, 35--47. 1987

@inbook{viollet88,
author = {P.-L. Viollet},
chapter = {On the numerical modelling of stratified flows},
title = {Physical processes in estuaries},
publisher = {J. Drokers, W. Van Leussen eds},
pages = {257--277},
year = {1988}
}

\bibitem {westerink87}WESTERINK J.J., CONNOR J.J., STOLZENBACH K.D., A
primitive pseudo wave equation formulation for solving the harmonic shallow
water equations. Advances in Water Resources, Volume 10. 1987

\bibitem {westerink94}WESTERINK J.J., LUETTICH R.A. Jr, WU J.K., KOLAR R.L.,
The influence of normal flow boundary conditions on spurious modes in finite
element solutions to the shallow water equations. International Journal for
Numerical Methods in Fluids, 18, 1021--1060. 1994

\bibitem {wu99}WU C., HUANG G., ZHENG Y., Theoretical solution of dam-break
shock wave. Journal of Hydraulic Engineering, November, 1210--1215. 1999

\bibitem {yalin77}YALIN M.S., Mechanics of sediment transport. Pergamon Press. 1977

\bibitem {yih80}YIH C.S., Stratified flows. Academic Press. 1980

@misc{legos,
  author = {Laboratoire d'\'{e}tudes en G\'{e}ophysique et Oc\'{e}anographie Spatiales},
  note = {\url{http://www.legos.obs-mip.fr/recherches/equipes/ecola/outils-produits}},
  year = {Accessed: 2016-04-05}
}

@misc{osu,
  author = {G.D. Egbert and L. Erofeeva},
  title = {OSU Tidal Data Inversion},
  note = {\url{http://volkov.oce.orst.edu/tides/}},
  year = {Accessed: 2016-04-05}
}

@Inproceedings{Guimet2002,
author = "V. Guimet and D. Laurence",
booktitle = "Proc.\ {V}th International Symposium on Engineering Turbulence Modelling and Measurements",
title = "A linearised turbulent production in the k-$\epsilon$ model for engineering applications",
pages = "157--166",
year = "2002",
note ="Majorqua (Spain)"
}

@article{Menter1994,
  journal = {AIAA Journal},
  title = {Two-Equation Eddy-Viscosity Turbulence Models for Engineering Applications},
  author = {F. R. Menter},
  volume = {32},
  number = {8},
  year = {1994},
  pages = {1598--1605}
  }

@phdthesis{Yap1987,
title = "Turbulent heat and momentum transfer in recirculating and impringing flows",
author = "C. J. Yap",
school = "University of Manchester",
address =  "Manchester, UK",
year = "1987"
}

@article{Kolmogorov1991,
	title = {The Local Structure of Turbulence in Incompressible Viscous Fluid for Very Large {Reynolds} Numbers},
	volume = {434},
	number = {1890},
	journal = {Proceedings of the Royal Society A: Mathematical, Physical and Engineering Sciences},
	author = {Kolmogorov, A. N.},
	year = {1991},
	pages = {9--13}
}

@book{Viollet2002,
author = "P.-L. Viollet and J.-P. Chabard and P. Esposito and D. Laurence",
title = "M\'{e}canique des fluides appliqu\'{e}e",
publisher = "Presses de l'Ecole Nationale des Ponts et Chauss\'{e}es",
year = "2002",
note = "(in French)"
}

@book{Kuzmin2007,
	series = {Ergebnisberichte angewandte Mathematik},
	title = {On the Implementation of the k-epsilon Turbulence Model in Incompressible Flow Solvers Based on a Finite Element Discretization},
	publisher = {Tech. University of Dortmund},
	author = {D. Kuzmin and O. Mierka and S. Turek},
	year = {2007}
}

@techreport{Bredberg2000,
author = {J. Bredberg},
institution = {Chalmers University of Technology},
title = {On the wall Boundary condition for turbulence models},
year = {2000},
address = {G\"{o}teborg, Sweden}
}

@misc{Code_Saturne,
title = "{Code{\_}Saturne 3.0.0 Theory Guide}",
author = "{EDF R\&D}",
year = "Accessed: 2013",
note = "\url{http://code-saturne.org/cms/sites/default/files/theory-3.0.pdf}"
}

@book{Ern2004,
	series = {Applied Mathematical Sciences, Volume 159},
	title = {Theory and Practice of Finite Elements},
	publisher = {Springer},
	author = {A. Ern and J.-L. Guermond},
	year = {2004}
}

@article{Noh1964,
title = "CEL: A time-dependent, two-space-dimensional,
coupled Eulerian-Lagrange code",
author = "Noh, W.F.",
journal = "Methods in Computational Physics",
pages = "117--179",
publisher ="Academic Press, New York",
year = "1964"
}

@article{Hirt1974,
  author={Hirt,C. W. and Amsden,A. A. and Cook,J. L.},
        year={1974},
        title={An arbitrary Lagrangian-Eulerian computing method for all flow speeds},
        journal={Journal of Computational Physics},
        volume={14},
        number={3},
        pages={227-253},
        note={Cited By :1362},
        url={www.scopus.com},
}

@article{Chan1975,
        author={Chan,R. K.},
        year={1975},
        title={A generalized arbitrary Lagrangian-Eulerian method for incompressible flows with sharp interfaces},
        journal={Journal of Computational Physics},
        volume={17},
        number={3},
        pages={311-331},
        note={Cited By :28},
        url={www.scopus.com},
}
@article{Donea1981,
        author={Donea,J. and Fasoli Stella,P. and Giuliani,S. and Halleux,J. P. and Jones,A. V.},
        year={1981},
        title={ARBITRARY LAGRANGIAN EULERIAN FINITE ELEMENT PROCEDURE FOR TRANSIENT DYNAMIC FLUID-STRUCTURE INTERACTION PROBLEMS},
        journal={Transactions of the International Conference on Structural Mechanics in Reactor Technology},
        volume={B},
        number={4},
        url={www.scopus.com},
}
@phdthesis{Decoene2006,
  TITLE = {{Hydrostatic model for three-dimensional free surface flows and numerical schemes}},
  AUTHOR = {Decoene, Astrid},
  SCHOOL = {{Universit{\'e} Pierre et Marie Curie - Paris VI ; Laboratoire Jacques-Louis Lions}},
  YEAR = {2006}
}


@article{Decoene2009,
        author={Decoene,A. and Gerbeau,J. F.},
        year={2009},
        title={Sigma transformation and ALE formulation for three-dimensional free surface flows},
        journal={International Journal for Numerical Methods in Fluids},
        volume={59},
        number={4},
        pages={357-386},
        note={Cited By :7},
        url={www.scopus.com},
}

@Inproceedings{Wang2016,
author={P.Wang and A. Joly and A. Leroy},
year={2016},
title={Towards the simulation of submerged bottom structures with vertical walls using {Telemac-3D}},
booktitle ={23rd TELEMAC-MASCARET User Conference},
note={Paris, France}
}

@article{thompson,
author ={Thompson, K.W.},
title = {Time dependent boundary conditions for hyperbolic systems},
journal = {Journal of Computational physics},
volume = {68},
pages = {1--24},
year = {1987}
}

@inbook{Hunt1984,
author = {Hunt, J.C.R.},
title={Turbulence structure and turbulent diffusion near gas-liquid interfaces},
booktitle={Gas Transfer at Water Surfaces},
pages={67--82},
note={eds. W. Brutsaert \& G.H. Jirka},
publisher={Reidel Pub.},
year={1984}
}

@article{Celik1984,
author={Celik, I. and Rodi, W.},
year={1984},
journal={Physicochemical Hydrodynamics},
volume={4},
title={Simulation of free-surface effects in turbulent channel flows},
pages={217--227}
}

@inBook{Bodhaine1968,
author="G.L. Bodhaine",
title="Measurement of peak discharge at culverts by indirect methods",
booktitle="U.S. Geological Survey, Techniques of Water-Resources Investigations",
year="1968",
chapter="A3, book 3"
}

@book{Carlier1972,
author="M. Carlier",
title="Hydraulique générale et appliquée",
year="1972",
publisher="Paris, Eyrolles"
}

@inProceedings{Teles2015,
author="Teles, M. J. and Smolders, S. and Maximova, T. and Rocabado, I. and Vanlede, J.",
year="2015",
title="Numerical modelling of flood control areas with controlled reduced tide. Scheldt estuary physics and integrated management",
booktitle="Proc. of the 36th {IAHR} World Congress",
pages={90--99}
}

@book{Lencastre1961,
author="A. Lencastre",
title="Manuel d’hydraulique générale",
year={1961},
publisher={Paris, Eyrolles}
}

@book{Bruce2000,
author={E. B. Larock and W. R. Jeppson and Z. G. Watters}, 
title="Hydraulics of Pipeline Systems",
year={2000},
publisher={CRC Press}
}
@book{Bureau1992,
author={Wahl, T.L.},
year={1992},
title={Trash control structures and equipment: a literature review and survey of bureau of reclamation experience},
publisher={United States Department of the Interior, Bureau of Reclamation, Hydraulics Branch, Research and Laboratory Services Division, Denver, Colorado}
}
